% Optional fields: author, title, howpublished, month, year, note
@MISC{harkat,
title={Fysiikan harjoitusty{\"a}t I},
pages={B10},
author={Turun yliopisto, Fysiikan laitos},
year={1999}
}

@article{seppanen2006maol,
  title={MAOL-taulukot},
  author={Sepp{\"a}nen, Raimo and Kervinen, Martti and Parkkila, Irma and Karkela, Lea and Meril{\"a}inen, Pekka},
  journal={Otavan Kirjapaino Oy, Keuruu},
  volume={159},
  year={2006}
}